@article{mainpaper,
    author =       "Dos Santos and Ming Tan and Bing Xiang and Bowen Zhou,",
    title =        "{Attentive Pooling Networks}"
}

@misc{w2v,
  title = {Word2Vec},
  howpublished = {\url{https://code.google.com/archive/p/word2vec/}}
}

@misc{git,
  title = {Google reduced word2vec model},
  howpublished = {\url{https://github.com/eyaler/word2vec-slim}}
}

@misc{glove,
    title = {Glove word2vec model},
    howpublished = {\url{https://nlp.stanford.edu/projects/glove/}}
}

@misc{wiki,
    title = {Facebook fastText model},
    howpublished = {\url{https://fasttext.cc/docs/en/english-vectors.html}}
}

@misc{gensim,
    title = {Gensim word2vec model creator},
    howpublished = {\url{https://radimrehurek.com/gensim/models/word2vec.html}}
}

@misc{embedding,
    title = {Pytorch embedding layer},
    howpublished = {\url{https://pytorch.org/docs/stable/nn.html#embedding}}
}

@misc{trec,
    title = {Text REtrival Conference},
    howpublished = {\url{https://trec.nist.gov/data/qa.html}}
}

@misc{wikids,
    title = {WikiQA - Open domain question-answer dataset},
    howpublished = {\url{https://www.microsoft.com/en-us/research/publication/wikiqa-a-challenge-dataset-for-open-domain-question-answering/}}
}